<collection xmlns="http://www.loc.gov/MARC21/slim">
<record>
  <leader>00829nam0a22001691i 450 </leader>
  <controlfield tag="001">IT\ICCU\CNCE\039447</controlfield>
  <controlfield tag="005">19981110000000.0</controlfield>
  <datafield tag="100" ind1=" " ind2=" ">
    <subfield code="a">19981110d1590        0itac0103    ba</subfield>
  </datafield>
  <datafield tag="101" ind1=" " ind2=" ">
    <subfield code="a">LAT</subfield>
  </datafield>
  <datafield tag="102" ind1=" " ind2=" ">
    <subfield code="a">IT</subfield>
  </datafield>
  <datafield tag="200" ind1="1" ind2=" ">
    <subfield code="a">Repertorium do. Io. Bertachini Firmani, iuris vtriusque doctoris praestantissimi, olim auctum opera d. Ioan. Thierry Lyngonensis iurium interpretis celeberrimi. Nunc vero industria, diligentiaque excellentiss. I.V.C. Aemilij Mariae Manolessi adeo cumulatum, atque ab alijs doctissimis viris erroribus omnibus expurgatum ...</subfield>
  </datafield>
  <datafield tag="210" ind1=" " ind2=" ">
    <subfield code="a">Venetiis</subfield>
    <subfield code="d">1590</subfield>
  </datafield>
  <datafield tag="215" ind1=" " ind2=" ">
    <subfield code="a">5 pt. in 13 v.</subfield>
    <subfield code="d">in 4</subfield>
  </datafield>
  <datafield tag="300" ind1=" " ind2=" ">
    <subfield code="a">((Per il tipografo cfr. E. Vaccaro p. 260</subfield>
  </datafield>
  <datafield tag="801" ind1=" " ind2="3">
    <subfield code="a">IT</subfield>
    <subfield code="b">ICCU</subfield>
    <subfield code="c">20201114</subfield>
  </datafield>
  <datafield tag="899" ind1=" " ind2=" ">
    <subfield code="a">Biblioteca Estense Universitaria. Modena</subfield>
    <subfield code="1">MO0089</subfield>
    <subfield code="2">MOD BE</subfield>
  </datafield>
  <datafield tag="899" ind1=" " ind2=" ">
    <subfield code="a">Biblioteca universitaria Alessandrina. Roma</subfield>
    <subfield code="1">RM0280</subfield>
    <subfield code="2">RML 01</subfield>
  </datafield>
</record>
</collection>
